@misc{PDE,
  author       = {{SÃO PAULO}},
  title        = {Lei nº 16.050, de 31 de julho de 2014},
  year         = {2014},
  subtitle     = {Aprova a Política de Desenvolvimento Urbano e o
Plano Diretor Estratégico do Município de São Paulo e revoga a Lei nº 13.430/2002},
}

@phdthesis{lima2021alem,
  title={Para al{\'e}m da forma urbana. Conflitos e contradi{\c{c}}{\~o}es socioambientais da cidade compacta proposta para os eixos de adensamento do Plano Diretor Estrat{\'e}gico de S{\~a}o Paulo de 2014},
  author={Lima, Bruno Avellar Alves de},
  year={2021},
  school={Universidade de S{\~a}o Paulo}
}

@article{Ibraeva2020,
   author = {Anna Ibraeva and Gonçalo Homem de Almeida Correia and Cecília Silva and António Pais Antunes},
   doi = {10.1016/j.tra.2019.10.018},
   issn = {09658564},
   journal = {Transportation Research Part A: Policy and Practice},
   month = {2},
   pages = {110-130},
   publisher = {Elsevier Ltd},
   title = {Transit-oriented development: A review of research achievements and challenges},
   volume = {132},
   year = {2020},
}
